<?xml version="1.0" encoding="UTF-8"?>
<collection xmlns:xsi="http://www.w3.org/2001/XMLSchema-instance" xsi:schemaLocation="http://www.loc.gov/MARC21/slim http://www.loc.gov/standards/marcxml/schema/MARC21slim.xsd" xmlns="http://www.loc.gov/MARC21/slim">
<record>
  <leader>01401cam a2200325 a 4500</leader>
  <controlfield tag="001">682879</controlfield>
  <controlfield tag="003">NNC</controlfield>
  <controlfield tag="005">20140126205507.0</controlfield>
  <controlfield tag="008">880926r19911984ir      r     000 0 ara d</controlfield>
  <datafield tag="035" ind1=" " ind2=" ">
    <subfield code="a">(OCoLC)187453973</subfield>
  </datafield>
  <datafield tag="035" ind1=" " ind2=" ">
    <subfield code="a">(OCoLC)ocn187453973</subfield>
  </datafield>
  <datafield tag="035" ind1=" " ind2=" ">
    <subfield code="a">(NNC)682879</subfield>
  </datafield>
  <datafield tag="040" ind1=" " ind2=" ">
    <subfield code="a">NjP</subfield>
    <subfield code="c">NjP</subfield>
    <subfield code="d">NN</subfield>
    <subfield code="d">PU</subfield>
    <subfield code="d">NNC</subfield>
  </datafield>
  <datafield tag="050" ind1=" " ind2="4">
    <subfield code="a">B751</subfield>
    <subfield code="b">.M33 1984</subfield>
  </datafield>
  <datafield tag="066" ind1=" " ind2=" ">
    <subfield code="c">(3</subfield>
    <subfield code="c">(4</subfield>
  </datafield>
  <datafield tag="090" ind1=" " ind2=" ">
    <subfield code="a">B751</subfield>
    <subfield code="b">.M33 1984</subfield>
  </datafield>
  <datafield tag="100" ind1="0" ind2=" ">
    <subfield code="6">880-01</subfield>
    <subfield code="a">Avicenna,</subfield>
    <subfield code="d">980-1037.</subfield>
  </datafield>
  <datafield tag="245" ind1="1" ind2="3">
    <subfield code="6">880-02</subfield>
    <subfield code="a">al-Mabdaʾ wa-al-maʻād /</subfield>
    <subfield code="c">li-Abī ʻAlī al-Ḥusayn ibn ʻAbd Allāh ibn Sīnā ; bi-ihtimām ʻAbd Allāh Nūrānī.</subfield>
  </datafield>
  <datafield tag="246" ind1="1" ind2="5">
    <subfield code="a">Mabdaʾ wa al-maʻād</subfield>
  </datafield>
  <datafield tag="246" ind1="1" ind2="5">
    <subfield code="a">Beginning and the end</subfield>
  </datafield>
  <datafield tag="250" ind1=" " ind2=" ">
    <subfield code="6">880-03</subfield>
    <subfield code="a">Chāp-i 1.</subfield>
  </datafield>
  <datafield tag="260" ind1=" " ind2=" ">
    <subfield code="6">880-04</subfield>
    <subfield code="a">Ṭihrān :</subfield>
    <subfield code="b">Muʾassasah-ʾi Muṭālaʻāt-i Islāmī :</subfield>
    <subfield code="b">Dānishgāh-i Makgīl,</subfield>
    <subfield code="c">1363 [1984]</subfield>
  </datafield>
  <datafield tag="300" ind1=" " ind2=" ">
    <subfield code="a">16, 121 p. ;</subfield>
    <subfield code="c">24 cm.</subfield>
  </datafield>
  <datafield tag="650" ind1=" " ind2="0">
    <subfield code="a">Islamic philosophy.</subfield>
  </datafield>
  <datafield tag="700" ind1="1" ind2=" ">
    <subfield code="6">880-05</subfield>
    <subfield code="a">Nūrānī, ʻAbd Allāh.</subfield>
  </datafield>
  <datafield tag="880" ind1="0" ind2=" ">
    <subfield code="6">100-01/(3/r</subfield>
    <subfield code="a">ابن سينا,</subfield>
    <subfield code="d">980-1037.</subfield>
  </datafield>
  <datafield tag="880" ind1="1" ind2="2">
    <subfield code="6">245-02/(3/r</subfield>
    <subfield code="a">المبدأ والمعاد /</subfield>
    <subfield code="c">للشيخ أبي على الحسين بن عبد الله بن سينا ؛ باهتمام عبد الله نورانى.</subfield>
  </datafield>
  <datafield tag="880" ind1=" " ind2=" ">
    <subfield code="6">250-03/(4/r</subfield>
    <subfield code="a">چاپ 1.</subfield>
  </datafield>
  <datafield tag="880" ind1=" " ind2=" ">
    <subfield code="6">260-04/(3/r</subfield>
    <subfield code="a">طهران :</subfield>
    <subfield code="b">مؤسسۀ مطالعات اسلامى :</subfield>
    <subfield code="b">دانشكاه مك كيل،</subfield>
    <subfield code="c">1363 [1984]</subfield>
  </datafield>
  <datafield tag="880" ind1="1" ind2=" ">
    <subfield code="6">700-05/(3/r</subfield>
    <subfield code="a">نورانى، عبد الله.</subfield>
  </datafield>
  <datafield tag="955" ind1=" " ind2=" ">
    <subfield code="b">0063305348</subfield>
    <subfield code="d">glx</subfield>
    <subfield code="e">B751 .M33 1984g</subfield>
  </datafield>
</record>
</collection>